@article{openflow,
  title="{OpenFlow: enabling innovation in campus networks}",
  author={McKeown, Nick and Anderson, Tom and Balakrishnan, Hari and Parulkar, Guru and Peterson, Larry and Rexford, Jennifer and Shenker, Scott and Turner, Jonathan},
  journal={ACM SIGCOMM Computer Communication Review},
  volume={38},
  number={2},
  pages={69--74},
  year={2008},
  publisher={ACM}
}

@article{diversifiedinternet,
  title={Towards a diversified internet},
  author={Taylor, David and Turner, Jonathan},
  journal={White paper, November},
  year={2004}
}

@article{overcomingimpasse,
  title="{Overcoming the Internet impasse through virtualization}",
  author={Anderson, Thomas and Peterson, Larry and Shenker, Scott and Turner, Jonathan},
  journal={Computer},
  volume={38},
  number={4},
  pages={34--41},
  year={2005},
  publisher={IEEE}
}

@other{onf,
  title="{OpenFlow Switch Specification version 1.3.1}",
  author="{Open Networking Foundation}",
  month={September},
  year={2012},
  publisher={ONF}
}

@other{googleonf,
  title="{OpenFlow @ Google}",
  author={H\"{o}lzle, Urs},
  month={April},
  year={2012},
  note={\url{http://www.opennetsummit.org/archives/apr12/hoelzle-tue-openflow.pdf}}
}