@article{openflow,
  title="{OpenFlow: enabling innovation in campus networks}",
  author={McKeown, Nick and Anderson, Tom and Balakrishnan, Hari and Parulkar, Guru and Peterson, Larry and Rexford, Jennifer and Shenker, Scott and Turner, Jonathan},
  journal={ACM SIGCOMM Computer Communication Review},
  volume={38},
  number={2},
  pages={69--74},
  year={2008},
  publisher={ACM}
}

@inproceedings{diversifying,
  title={Diversifying the internet},
  author={Turner, Jonathan S and Taylor, David E},
  booktitle={Global Telecommunications Conference, 2005. GLOBECOM'05. IEEE},
  volume={2},
  pages={6--pp},
  year={2005},
  organization={IEEE}
}

@article{diversifiedinternet,
  title={Towards a diversified internet},
  author={Taylor, David and Turner, Jonathan},
  journal={White paper},
  month={November},
  year={2004}
}

@article{overcomingimpasse,
  title="{Overcoming the Internet impasse through virtualization}",
  author={Anderson, Thomas and Peterson, Larry and Shenker, Scott and Turner, Jonathan},
  journal={Computer},
  volume={38},
  number={4},
  pages={34--41},
  year={2005},
  publisher={IEEE}
}

@other{onf,
  title="{OpenFlow Switch Specification version 1.3.1}",
  author="{Open Networking Foundation}",
  month={September},
  year={2012},
  publisher={ONF}
}

@other{googleonf,
  title="{OpenFlow @ Google}",
  author={H\"{o}lzle, Urs},
  month={April},
  year={2012},
  note={\url{http://www.opennetsummit.org/archives/apr12/hoelzle-tue-openflow.pdf}}
}

@article{flowvisor,
  title="{Flowvisor: A network virtualization layer}",
  author={Sherwood, Rob and Gibb, Glen and Yap, K-K and Appenzeller, Guido and Casado, Martin and McKeown, Nick and Parulkar, Guru},
  journal={OpenFlow Switch Consortium, Tech. Rep},
  year={2009}
}

@article{net-virt09,
  title={Network virtualization: state of the art and research challenges},
  author={Chowdhury, NM Mosharaf Kabir and Boutaba, Raouf},
  journal={Communications Magazine, IEEE},
  volume={47},
  number={7},
  pages={20--26},
  year={2009},
  publisher={IEEE}
}

@article{net-virt10,
  title={A survey of network virtualization},
  author={Chowdhury, NM and Boutaba, Raouf},
  journal={Computer Networks},
  volume={54},
  number={5},
  pages={862--876},
  year={2010},
  publisher={Elsevier}
}

@article{drutskoy2012scalable,
  title={Scalable network virtualization in software-defined networks},
  author={Drutskoy, Dmitry and Keller, Eric and Rexford, Jennifer},
  year={2012},
  journal={Internet Computing, IEEE},
}

@article{nfv-wp,
  title="{Network Functions Virtualisation - An Introduction, Benefits, Enablers, Challenges \& Call for Action}",
  author={Benitez, Javier and Bugenhagen, Michael and Chiosi, Margaret and Clarke, Don and Cui, Chunfeng and Damker, Herbert and Delisle, Dominique and Demaria, Elena and Deng, Hui  and Fargano, Michael and Feger, James and Fukui, Masaki and Guardini, Ivano and Javier,Francisco and Khan, Waqar and Kolias, Christos and Loudier, Quentin and López, Diego and Manzalini, Antonio and Matsuzaki, Tetsuro and Michel, Uwe and Minerva, Roberto and Ogaki, Kenichi and Reid, Andy and Ruhl, Frank and Salguero, Ramón and Sen, Prodip and Shimano, Katsuhiro and Willis, Peter},
  year={2012},
  month={October},
  publisher={ETSI FNV}
}

@other{opendaylight,
  title="{OpenDaylight Project}",
  note={\url{http://www.opendaylight.org/}}
}

@inproceedings{gtbn,
  title="{Supporting communities in programmable grid networks: gTBN}",
  author={Cristea, Mihai Lucian and Strijkers, Rudolf J and Marchal, Damien and Gommans, Leon and de Laat, Cees and Meijer, Robert J},
  booktitle={Integrated Network Management, 2009. IM'09. IFIP/IEEE International Symposium on},
  pages={406--413},
  year={2009},
  organization={IEEE}
}

@incollection{upvn,
  title={Application framework for programmable network control},
  author={Strijkers, Rudolf and Cristea, Mihai and de Laat, Cees and Meijer, Robert},
  booktitle={Advances in Network-Embedded Management and Applications},
  pages={37--52},
  year={2011},
  publisher={Springer}
}

@inproceedings{programmability-answer,
  title="{Network Programmability is the answer}",
  author={Van der Merwe, Jacobus and Kalmanek, Charles},
  booktitle={Workshop on Programmable Routers for the Extensible Services of Tomorrow (PRESTO 2007), Princeton, NJ},
  year={2007}
}

@other{dot1q,
  title="{IEEE 802.1Q - Virtual LANs}",
  note={\url{http://www.ieee802.org/1/pages/802.1Q.html}}
}

@other{vpn-terms,
  title="{RFC 4026: Provider Provisioned Virtual Private Network (VPN) Terminology}",
  note={\url{http://tools.ietf.org/html/rfc4026}}
}

@other{rfc6329,
  title="{RFC 6329: IS-IS Extensions Supporting IEEE 802.1aq Shortest Path Bridging}",
  note={\url{http://tools.ietf.org/html/rfc6329}}
}

@other{rfc4664,
  title="{RFC 4664: Framework for Layer 2 Virtual Private Networks (L2VPNs)}",
  note={\url{http://tools.ietf.org/html/rfc4664}}
}

@other{rfc4364,
  title="{RFC 4364: BGP/MPLS IP Virtual Private Networks (VPNs)}",
  note={\url{http://tools.ietf.org/html/rfc4364}}
}

@inproceedings{packet-circuit,
  title="{Packet and circuit network convergence with OpenFlow}",
  author={Das, Saurav and Parulkar, Guru and McKeown, Nick and Singh, Preeti and Getachew, Daniel and Ong, Lyndon},
  booktitle={Optical Fiber Communication (OFC), collocated National Fiber Optic Engineers Conference, 2010 Conference on (OFC/NFOEC)},
  pages={1--3},
  year={2010},
  organization={IEEE}
}

@article{tag-switching,
  title={Tag switching architecture overview},
  author={Rekhter, Yakov and Davie, Bruce and Rosen, Eric and Swallow, George and Farinacci, Dino and Katz, Dave},
  journal={Proceedings of the IEEE},
  volume={85},
  number={12},
  pages={1973--1983},
  year={1997},
  publisher={IEEE}
}

@incollection{net-prog-vpn,
  title="{Network programmability for VPN overlay construction and bandwidth management}",
  author={Yousef, Bushar and Hoang, Doan B and Rogers, Glynn},
  booktitle={Active Networks},
  pages={114--125},
  year={2007},
  publisher={Springer}
}

@article{zimmermann,
  title="{OSI reference model--The ISO model of architecture for open systems interconnection}",
  author={Zimmermann, Hubert},
  journal={Communications, IEEE Transactions on},
  volume={28},
  number={4},
  pages={425--432},
  year={1980},
  publisher={IEEE}
}

@other{spb-nanog,
  title="{Shortest Path Bridging IEEE 802.1aq -- NANOG 49}",
  author={Ashwood-Smith, Peter},
  year={2010},
  note={\url{https://www.nanog.org/meeting-archives/nanog49/presentations/Tuesday/Ashwood-SPB.pdf}}
}

@inproceedings{mpls-vpn-openflow,
  title="{MPLS-TE and MPLS VPNs with OpenFlow}",
  author={Sharafat, Ali Reza and Das, Saurav and Parulkar, Guru and McKeown, Nick},
  booktitle={ACM SIGCOMM Computer Communication Review},
  volume={41},
  number={4},
  pages={452--453},
  year={2011},
  organization={ACM}
}

@inproceedings{mpls-open,
  title="{MPLS with a simple OPEN control plane}",
  author={Das, Saurav and Sharafat, Ali Reza and Parulkar, Guru and McKeown, Nick},
  booktitle={Optical Fiber Communication Conference and Exposition (OFC/NFOEC), 2011 and the National Fiber Optic Engineers Conference},
  pages={1--3},
  year={2011},
  organization={IEEE}
}

@inproceedings{atm,
  title="{ATM versus Ethernet}",
  author={Mickelsson, Tomi},
  booktitle={Proceedings of the HUT Internetworking Seminar},
  year={1999}
}

@other{evpn,
  title="{BGP MPLS Based Ethernet VPN}",
  author={Sajassi, A. and Aggarwal, R. and Bitar, N. and Henderickx, W. and Boutros, S. and Balus, F. and Patel, K. and Salam, S. and Isaac, A. and Drake, J. and Shekhar, R. and Uttaro, J. },
  year={2013},
  note={\url{http://tools.ietf.org/html/draft-ietf-l2vpn-evpn-03}}
}

@other{of-oam,
  title="{Ethernet OAM enabled OpenFlow Controller}",
  author={Van der Pol, Ronald},
  year={2011},
  note={\url{https://noc.sara.nl/nrg/presentations/SC11-SRS-8021ag.pdf}}
}

@inproceedings{scalable-fault,
  title="{Scalable fault management for OpenFlow}",
  author={Kempf, James and Bellagamba, Elisa and Kern, Andr{\'a}s and Jocha, D{\'a}vid and Takacs, Attila and Skoldstrom, Pontus},
  booktitle={Communications (ICC), 2012 IEEE International Conference on},
  pages={6606--6610},
  year={2012},
  organization={IEEE}
}


@other{ryu,
  title="{Ryu, a component-based software-defined networking framework}",
  note={\url{http://osrg.github.io/ryu/}}
}

@other{cpqd,
  title="{nox13oflib -- NOX Zaku with OF 1.3 support}",
  note={\url{https://github.com/CPqD/nox13oflib}}
}

@other{mul,
  title="{M\"{u}L OpenFlow controller}",
  note={\url{http://sourceforge.net/projects/mul/}}
}

@other{mpls-tunnels,
  title="{MPLS is not Tunneling}",
  author={Pepelnjak, Ivan},
  note={\url{http://blog.ioshints.info/2011/10/mpls-is-not-tunneling.html}}
}